@article{einstein,
  author =       "Albert Einstein",
  title =        "{Zur Elektrodynamik bewegter K{\"o}rper}. ({German})
                 [{On} the electrodynamics of moving bodies]",
  journal =      "Annalen der Physik",
  volume =       "322",
  number =       "10",
  pages =        "891--921",
  year =         "1905",
}

@book{kshemkalyani2011distributed,
  title={Distributed computing: principles, algorithms, and systems},
  author={Kshemkalyani, Ajay D and Singhal, Mukesh},
  year={2011},
  publisher={Cambridge University Press}
}

@article{MPP,
    title={Simulating CMH for Modified Philosopher Problem},
    author={Joan Maris},
    year={June, 2019},
    publisher={}
}

@article{min,
  title={Multiprocessor Interconnection Networks},
  author={Placebo, Edwardzh, K Lee},
  year={2013},
  publisher={CMU}
}

@article{cse_iitb,
  title={Computer Networks},
  author={Sridhar Iyer},
  year={2012},
  publisher={IITB}
}

@article{cmu_in,
  title={Interconnection Networks},
  author={Kayvon Fatahalian},
  year={2012},
  publisher={CMU}
}

@article{chandy1983distributed,
  title={Distributed deadlock detection},
  author={Chandy, K Mani and Misra, Jayadev and Haas, Laura M},
  journal={ACM Transactions on Computer Systems (TOCS)},
  volume={1},
  number={2},
  pages={144--156},
  year={1983},
  publisher={ACM New York, NY, USA}
}